@article{Europe,
author = {Van Hulle, Frans and others},
file = {:C$\backslash$:/Users/gensolle/Desktop/Final\_Report.pdf:pdf},
title = {{Integrating Wind, European project report}},
year = {2009}
}